<record><leader>00000cas a2200000 a 4500</leader><controlfield tag="001">45229093</controlfield><controlfield tag="008">001025c196u9999cauwr ne      0    0eng c</controlfield><datafield ind1=" " ind2=" " tag="010"><subfield code="a">sn 00060536 </subfield></datafield><datafield ind1=" " ind2=" " tag="040"><subfield code="a">CNK</subfield><subfield code="b">eng</subfield><subfield code="c">CNK</subfield><subfield code="d">OCLCQ</subfield><subfield code="d">OCLCF</subfield><subfield code="d">OCLCO</subfield></datafield><datafield ind1="1" ind2=" " tag="029"><subfield code="a">AU@</subfield><subfield code="b">000022025918</subfield></datafield><datafield ind1=" " ind2=" " tag="042"><subfield code="a">pcc</subfield></datafield><datafield ind1=" " ind2=" " tag="043"><subfield code="a">n-us-ca</subfield></datafield><datafield ind1="0" ind2="0" tag="245"><subfield code="a">Poway news chieftain.</subfield></datafield><datafield ind1="3" ind2=" " tag="246"><subfield code="a">News chieftain</subfield></datafield><datafield ind1="1" ind2="7" tag="246"><subfield code="a">News/journal</subfield><subfield code="f">&lt;May 1986-Dec. 1998&gt;</subfield></datafield><datafield ind1="1" ind2="7" tag="246"><subfield code="a">Community view</subfield><subfield code="f">&lt;May 1992-June 2000&gt;</subfield></datafield><datafield ind1=" " ind2=" " tag="260"><subfield code="a">Poway, Calif. :</subfield><subfield code="b">Van Quackenbush</subfield></datafield><datafield ind1=" " ind2=" " tag="300"><subfield code="a">v.</subfield></datafield><datafield ind1=" " ind2=" " tag="310"><subfield code="a">Weekly</subfield></datafield><datafield ind1=" " ind2=" " tag="500"><subfield code="a">"Poway" or "Poway News" appears in different locations in masthead.</subfield></datafield><datafield ind1=" " ind2=" " tag="500"><subfield code="a">Serving also Green Valley areas and Los Penasquitos.</subfield></datafield><datafield ind1=" " ind2=" " tag="515"><subfield code="a">Vol. and numbering designations are irregular; designation changed from year to vol. with issue dated &lt;Dec. 23, 1976&gt;</subfield></datafield><datafield ind1=" " ind2=" " tag="525"><subfield code="a">Supplements accompany some issues, &lt;Sept. 7, 1989-&gt;</subfield></datafield><datafield ind1=" " ind2=" " tag="530"><subfield code="a">Also issued on the internet, called: I-15inland.com.</subfield></datafield><datafield ind1=" " ind2=" " tag="588"><subfield code="a">Description based on: 7th year, no. 26 (Feb. 1, 1962).</subfield></datafield><datafield ind1=" " ind2="0" tag="651"><subfield code="a">Poway (Calif.)</subfield><subfield code="v">Newspapers.</subfield></datafield><datafield ind1=" " ind2="0" tag="651"><subfield code="a">Rancho Bernardo (San Diego, Calif.)</subfield><subfield code="v">Newspapers.</subfield></datafield><datafield ind1=" " ind2="7" tag="655"><subfield code="a">Newspapers.</subfield><subfield code="2">fast</subfield><subfield code="0">(OCoLC)fst01423814</subfield></datafield><datafield ind1=" " ind2="7" tag="651"><subfield code="a">California</subfield><subfield code="z">Poway.</subfield><subfield code="2">fast</subfield><subfield code="0">(OCoLC)fst01219038</subfield></datafield><datafield ind1=" " ind2="7" tag="651"><subfield code="a">California</subfield><subfield code="z">San Diego</subfield><subfield code="z">Rancho Bernardo.</subfield><subfield code="2">fast</subfield><subfield code="0">(OCoLC)fst01314164</subfield></datafield><datafield ind1="0" ind2=" " tag="740"><subfield code="a">I-15inland.com.</subfield></datafield><datafield ind1=" " ind2=" " tag="752"><subfield code="a">United States</subfield><subfield code="b">California</subfield><subfield code="c">San Diego</subfield><subfield code="d">Poway.</subfield></datafield><datafield ind1="0" ind2="4" tag="780"><subfield code="t">Poway news</subfield><subfield code="w">(DLC)sn 97069675</subfield></datafield><datafield ind1="0" ind2="4" tag="780"><subfield code="t">Poway chieftain</subfield><subfield code="w">(DLC)sn2001060404</subfield></datafield><datafield ind1="4" ind2="1" tag="856"><subfield code="z">Online version:</subfield><subfield code="u">http://www.pomeradonews.com</subfield></datafield></record>